<?xml version="1.0" encoding="UTF-8"?>
<OAI-PMH xmlns="http://www.openarchives.org/OAI/2.0/" xmlns:xsi="http://www.w3.org/2001/XMLSchema-instance" xsi:schemaLocation="http://www.openarchives.org/OAI/2.0/ http://www.openarchives.org/OAI/2.0/OAI-PMH.xsd">
  <ListRecords>
    <record>
      <header>
        <identifier>aleph-publish:019729388</identifier>
      </header>
      <metadata>
        <record xmlns="http://www.ddb.de/professionell/mabxml/mabxml-1.xsd">
          <leader>00000nM2.01200024------h</leader>
          <controlfield tag="LDR">00000nM2.01200024------h</controlfield>
          <controlfield tag="FMT">MH</controlfield>
          <datafield tag="001" ind1="-" ind2="1">
            <subfield code="a">TT050421649</subfield>
          </datafield>
          <datafield tag="002" ind1="a" ind2="1">
            <subfield code="a">20130701</subfield>
          </datafield>
          <datafield tag="003" ind1="-" ind2="1">
            <subfield code="a">20210311</subfield>
          </datafield>
          <datafield tag="004" ind1="-" ind2="1">
            <subfield code="a">20130611</subfield>
          </datafield>
          <datafield tag="020" ind1="-" ind2="1">
            <subfield code="a">978-3-642-32079-8</subfield>
            <subfield code="b">Springer</subfield>
          </datafield>
          <datafield tag="025" ind1="o" ind2="1">
            <subfield code="a">857645183</subfield>
          </datafield>
          <datafield tag="026" ind1="-" ind2="1">
            <subfield code="a">HBZTT050421649</subfield>
          </datafield>
          <controlfield tag="030">a|1uc||||||17</controlfield>
          <datafield tag="037" ind1="b" ind2="1">
            <subfield code="a">ger</subfield>
          </datafield>
          <controlfield tag="050">||||||||g|||||</controlfield>
          <controlfield tag="051">m|||||||</controlfield>
          <datafield tag="070" ind1="-" ind2="1">
            <subfield code="a">Springer</subfield>
          </datafield>
          <datafield tag="070" ind1="a" ind2="1">
            <subfield code="a">Springer</subfield>
          </datafield>
          <datafield tag="070" ind1="b" ind2="1">
            <subfield code="a">82</subfield>
          </datafield>
          <datafield tag="078" ind1="e" ind2="1">
            <subfield code="a">ZDB-2-STI</subfield>
            <subfield code="a">Springer</subfield>
          </datafield>
          <datafield tag="080" ind1="-" ind2="1">
            <subfield code="a">60</subfield>
          </datafield>
          <datafield tag="100" ind1="-" ind2="1">
            <subfield code="a">Wolfinger, Christine</subfield>
          </datafield>
          <datafield tag="331" ind1="-" ind2="1">
            <subfield code="a">Keine Angst vor Linux/Unix</subfield>
          </datafield>
          <datafield tag="334" ind1="-" ind2="1">
            <subfield code="a">Elektronische Ressource</subfield>
          </datafield>
          <datafield tag="335" ind1="-" ind2="1">
            <subfield code="a">Ein Lehrbuch für Linux- und Unix-Anwender</subfield>
          </datafield>
          <datafield tag="359" ind1="-" ind2="1">
            <subfield code="a">von Christine Wolfinger</subfield>
          </datafield>
          <datafield tag="403" ind1="-" ind2="1">
            <subfield code="a">11., vollst. überarb. Aufl. 2013</subfield>
          </datafield>
          <datafield tag="410" ind1="-" ind2="1">
            <subfield code="a">Berlin, Heidelberg</subfield>
          </datafield>
          <datafield tag="412" ind1="-" ind2="1">
            <subfield code="a">Springer Berlin Heidelberg</subfield>
          </datafield>
          <datafield tag="425" ind1="a" ind2="1">
            <subfield code="a">2013</subfield>
          </datafield>
          <datafield tag="433" ind1="-" ind2="1">
            <subfield code="a">XVI, 529 S. 397 Abb</subfield>
          </datafield>
          <datafield tag="451" ind1="-" ind2="1">
            <subfield code="a">Xpert.press</subfield>
          </datafield>
          <datafield tag="452" ind1="a" ind2="1">
            <subfield code="a">1439-5428</subfield>
          </datafield>
          <datafield tag="540" ind1="a" ind2="1">
            <subfield code="a">978-3-642-32079-8</subfield>
          </datafield>
          <datafield tag="552" ind1="a" ind2="1">
            <subfield code="a">10.1007/978-3-642-32079-8</subfield>
          </datafield>
          <datafield tag="652" ind1="a" ind2="1">
            <subfield code="a">Online-Ressource</subfield>
          </datafield>
          <datafield tag="655" ind1="e" ind2="1">
            <subfield code="u">http://dx.doi.org/10.1007/978-3-642-32079-8</subfield>
            <subfield code="x">Resolving-System</subfield>
          </datafield>
          <datafield tag="700" ind1="h" ind2="1">
            <subfield code="a">TWR</subfield>
          </datafield>
          <datafield tag="700" ind1="g" ind2="1">
            <subfield code="a">ST 261</subfield>
          </datafield>
          <datafield tag="700" ind1="g" ind2="1">
            <subfield code="a">ST 267</subfield>
          </datafield>
          <datafield tag="705" ind1="a" ind2="1">
            <subfield code="a">005.1</subfield>
            <subfield code="e">23</subfield>
            <subfield code="A">4</subfield>
          </datafield>
          <datafield tag="740" ind1="s" ind2="1">
            <subfield code="a">Computer science</subfield>
          </datafield>
          <datafield tag="740" ind1="s" ind2="1">
            <subfield code="a">Software engineering</subfield>
          </datafield>
          <datafield tag="740" ind1="s" ind2="1">
            <subfield code="a">Operating systems (Computers)</subfield>
          </datafield>
          <datafield tag="776" ind1="-" ind2="1">
            <subfield code="i">Erscheint auch als</subfield>
            <subfield code="n">Druck-Ausgabe</subfield>
            <subfield code="z">9783642320781</subfield>
          </datafield>
          <datafield tag="902" ind1="-" ind2="1">
            <subfield code="s">UNIX</subfield>
            <subfield code="9">(DE-588)4061835-3</subfield>
          </datafield>
          <datafield tag="902" ind1="-" ind2="1">
            <subfield code="s">LINUX</subfield>
            <subfield code="9">(DE-588)4337730-0</subfield>
          </datafield>
          <controlfield tag="SYS">019729388</controlfield>
          <datafield tag="LOW" ind1="-" ind2="1">
            <subfield code="a">A0001</subfield>
          </datafield>
          <datafield tag="LOW" ind1="-" ind2="1">
            <subfield code="a">A5001</subfield>
          </datafield>
          <datafield tag="LOW" ind1="-" ind2="1">
            <subfield code="a">B0001</subfield>
          </datafield>
          <datafield tag="LOW" ind1="-" ind2="1">
            <subfield code="a">B5001</subfield>
          </datafield>
          <datafield tag="LOW" ind1="-" ind2="1">
            <subfield code="a">C0001</subfield>
          </datafield>
          <datafield tag="LOW" ind1="-" ind2="1">
            <subfield code="a">C5001</subfield>
          </datafield>
          <datafield tag="LOW" ind1="-" ind2="1">
            <subfield code="a">F5001</subfield>
          </datafield>
          <datafield tag="LOW" ind1="-" ind2="1">
            <subfield code="a">F5002</subfield>
          </datafield>
          <datafield tag="LOW" ind1="-" ind2="1">
            <subfield code="a">F5010</subfield>
          </datafield>
          <datafield tag="LOW" ind1="-" ind2="1">
            <subfield code="a">F5011</subfield>
          </datafield>
          <datafield tag="LOW" ind1="-" ind2="1">
            <subfield code="a">G5001</subfield>
          </datafield>
          <datafield tag="LOW" ind1="-" ind2="1">
            <subfield code="a">J5001</subfield>
          </datafield>
          <datafield tag="LOW" ind1="-" ind2="1">
            <subfield code="a">K0001</subfield>
          </datafield>
          <datafield tag="LOW" ind1="-" ind2="1">
            <subfield code="a">K5001</subfield>
          </datafield>
          <datafield tag="LOW" ind1="-" ind2="1">
            <subfield code="a">L5001</subfield>
          </datafield>
          <datafield tag="LOW" ind1="-" ind2="1">
            <subfield code="a">M5001</subfield>
          </datafield>
          <datafield tag="LOW" ind1="-" ind2="1">
            <subfield code="a">N5001</subfield>
          </datafield>
          <datafield tag="LOW" ind1="-" ind2="1">
            <subfield code="a">R1007</subfield>
          </datafield>
          <datafield tag="LOW" ind1="-" ind2="1">
            <subfield code="a">R2001</subfield>
          </datafield>
          <datafield tag="LOW" ind1="-" ind2="1">
            <subfield code="a">T0012</subfield>
          </datafield>
          <datafield tag="LOW" ind1="-" ind2="1">
            <subfield code="a">U0001</subfield>
          </datafield>
          <datafield tag="LOW" ind1="-" ind2="1">
            <subfield code="a">U5001</subfield>
          </datafield>
          <datafield tag="LOW" ind1="-" ind2="1">
            <subfield code="a">X5001</subfield>
          </datafield>
          <datafield tag="LAL" ind1="-" ind2="1">
            <subfield code="a">DUE</subfield>
            <subfield code="b">X0001</subfield>
          </datafield>
          <datafield tag="LAL" ind1="-" ind2="1">
            <subfield code="a">EDU</subfield>
            <subfield code="b">D0001</subfield>
            <subfield code="b">E0001</subfield>
          </datafield>
          <datafield tag="LAL" ind1="-" ind2="1">
            <subfield code="a">FUH</subfield>
            <subfield code="b">I5001</subfield>
          </datafield>
          <datafield tag="LAL" ind1="-" ind2="1">
            <subfield code="a">KLU</subfield>
            <subfield code="b">R3001</subfield>
          </datafield>
          <datafield tag="LAL" ind1="-" ind2="1">
            <subfield code="a">PAD</subfield>
            <subfield code="b">P0001</subfield>
          </datafield>
          <datafield tag="LAL" ind1="-" ind2="1">
            <subfield code="a">SIE</subfield>
            <subfield code="b">S0001</subfield>
          </datafield>
          <datafield tag="LAL" ind1="-" ind2="1">
            <subfield code="a">WUP</subfield>
            <subfield code="b">W0001</subfield>
          </datafield>
          <datafield tag="088" ind1=" " ind2=" ">
            <subfield code="a">Hag 4/E</subfield>
          </datafield>
          <datafield tag="088" ind1=" " ind2=" ">
            <subfield code="a">Tr 5</subfield>
          </datafield>
          <datafield tag="088" ind1=" " ind2=" ">
            <subfield code="a">1042</subfield>
          </datafield>
          <datafield tag="088" ind1=" " ind2=" ">
            <subfield code="a">38</subfield>
          </datafield>
          <datafield tag="088" ind1=" " ind2=" ">
            <subfield code="a">386</subfield>
          </datafield>
          <datafield tag="088" ind1=" " ind2=" ">
            <subfield code="a">468</subfield>
          </datafield>
          <datafield tag="088" ind1=" " ind2=" ">
            <subfield code="a">61</subfield>
          </datafield>
          <datafield tag="088" ind1=" " ind2=" ">
            <subfield code="a">466</subfield>
          </datafield>
          <datafield tag="088" ind1=" " ind2=" ">
            <subfield code="a">467</subfield>
          </datafield>
          <datafield tag="088" ind1=" " ind2=" ">
            <subfield code="a">1010</subfield>
          </datafield>
          <datafield tag="088" ind1=" " ind2=" ">
            <subfield code="a">1044</subfield>
          </datafield>
          <datafield tag="088" ind1=" " ind2=" ">
            <subfield code="a">1105</subfield>
          </datafield>
          <datafield tag="088" ind1=" " ind2=" ">
            <subfield code="a">1393/BOT</subfield>
          </datafield>
          <datafield tag="088" ind1=" " ind2=" ">
            <subfield code="a">290</subfield>
          </datafield>
          <datafield tag="088" ind1=" " ind2=" ">
            <subfield code="a">294</subfield>
          </datafield>
          <datafield tag="088" ind1=" " ind2=" ">
            <subfield code="a">464</subfield>
          </datafield>
          <datafield tag="088" ind1=" " ind2=" ">
            <subfield code="a">1383</subfield>
          </datafield>
          <datafield tag="088" ind1=" " ind2=" ">
            <subfield code="a">1383a</subfield>
          </datafield>
          <datafield tag="088" ind1=" " ind2=" ">
            <subfield code="a">1393</subfield>
          </datafield>
          <datafield tag="088" ind1=" " ind2=" ">
            <subfield code="a">361</subfield>
          </datafield>
          <datafield tag="088" ind1=" " ind2=" ">
            <subfield code="a">465</subfield>
          </datafield>
          <datafield tag="088" ind1=" " ind2=" ">
            <subfield code="a">743</subfield>
          </datafield>
          <datafield tag="088" ind1=" " ind2=" ">
            <subfield code="a">836</subfield>
          </datafield>
          <datafield tag="088" ind1=" " ind2=" ">
            <subfield code="a">987</subfield>
          </datafield>
          <datafield tag="088" ind1=" " ind2=" ">
            <subfield code="a">829</subfield>
          </datafield>
          <datafield tag="088" ind1=" " ind2=" ">
            <subfield code="a">Dü 62</subfield>
          </datafield>
          <datafield tag="088" ind1=" " ind2=" ">
            <subfield code="a">832</subfield>
          </datafield>
          <datafield tag="088" ind1=" " ind2=" ">
            <subfield code="a">82</subfield>
          </datafield>
          <datafield tag="088" ind1=" " ind2=" ">
            <subfield code="a">A 96</subfield>
          </datafield>
          <datafield tag="088" ind1=" " ind2=" ">
            <subfield code="a">Bi 10</subfield>
          </datafield>
          <datafield tag="088" ind1=" " ind2=" ">
            <subfield code="a">Bm 40</subfield>
          </datafield>
          <datafield tag="088" ind1=" " ind2=" ">
            <subfield code="a">Dm 13</subfield>
          </datafield>
          <datafield tag="EB1" ind1=" " ind2="9">
            <subfield code="a">eb1</subfield>
            <subfield code="2">I500E</subfield>
          </datafield>
          <datafield tag="EB1" ind1=" " ind2="9">
            <subfield code="a">eb1</subfield>
            <subfield code="2">T0012</subfield>
          </datafield>
          <datafield tag="EB1" ind1=" " ind2="9">
            <subfield code="a">eb1</subfield>
            <subfield code="2">T0013</subfield>
          </datafield>
          <datafield tag="EB1" ind1=" " ind2="9">
            <subfield code="a">eb1</subfield>
            <subfield code="2">K0001</subfield>
          </datafield>
          <datafield tag="EB1" ind1=" " ind2="9">
            <subfield code="a">eb1</subfield>
            <subfield code="2">R3001</subfield>
          </datafield>
          <datafield tag="EB1" ind1=" " ind2="9">
            <subfield code="a">eb1</subfield>
            <subfield code="2">W0001</subfield>
          </datafield>
          <datafield tag="EB1" ind1=" " ind2="9">
            <subfield code="a">eb1</subfield>
            <subfield code="2">X0001</subfield>
          </datafield>
          <datafield tag="EB1" ind1=" " ind2="9">
            <subfield code="a">eb1</subfield>
            <subfield code="2">P0001</subfield>
          </datafield>
          <datafield tag="EB1" ind1=" " ind2="9">
            <subfield code="a">eb1</subfield>
            <subfield code="2">S0001</subfield>
          </datafield>
          <datafield tag="EB1" ind1=" " ind2="9">
            <subfield code="a">eb1</subfield>
            <subfield code="2">G5001</subfield>
          </datafield>
          <datafield tag="EB1" ind1=" " ind2="9">
            <subfield code="a">eb1</subfield>
            <subfield code="2">J5001</subfield>
          </datafield>
          <datafield tag="EB1" ind1=" " ind2="9">
            <subfield code="a">eb1</subfield>
            <subfield code="2">R2001</subfield>
          </datafield>
          <datafield tag="EB1" ind1=" " ind2="9">
            <subfield code="a">eb1</subfield>
            <subfield code="2">F5011</subfield>
          </datafield>
          <datafield tag="EB1" ind1=" " ind2="9">
            <subfield code="a">eb1</subfield>
            <subfield code="2">U0001</subfield>
          </datafield>
          <datafield tag="EB1" ind1=" " ind2="9">
            <subfield code="a">eb1</subfield>
            <subfield code="2">B0001</subfield>
          </datafield>
          <datafield tag="EB1" ind1=" " ind2="9">
            <subfield code="a">eb1</subfield>
            <subfield code="2">D0001</subfield>
          </datafield>
          <datafield tag="EB1" ind1=" " ind2="9">
            <subfield code="a">eb1</subfield>
            <subfield code="2">F5001</subfield>
          </datafield>
          <datafield tag="EB1" ind1=" " ind2="9">
            <subfield code="a">eb1</subfield>
            <subfield code="2">F5002</subfield>
          </datafield>
          <datafield tag="EB1" ind1=" " ind2="9">
            <subfield code="a">eb1</subfield>
            <subfield code="2">F5010</subfield>
          </datafield>
          <datafield tag="EB1" ind1=" " ind2="9">
            <subfield code="a">eb1</subfield>
            <subfield code="2">C0001</subfield>
          </datafield>
          <datafield tag="EB1" ind1=" " ind2="9">
            <subfield code="a">eb1</subfield>
            <subfield code="2">E0001</subfield>
          </datafield>
          <datafield tag="EB1" ind1=" " ind2="9">
            <subfield code="a">eb1</subfield>
            <subfield code="2">L5001</subfield>
          </datafield>
          <datafield tag="EB1" ind1=" " ind2="9">
            <subfield code="a">eb1</subfield>
            <subfield code="2">M5001</subfield>
          </datafield>
          <datafield tag="EB1" ind1=" " ind2="9">
            <subfield code="a">eb1</subfield>
            <subfield code="2">R1007</subfield>
          </datafield>
          <datafield tag="EB1" ind1=" " ind2="9">
            <subfield code="a">eb1</subfield>
            <subfield code="2">N5001</subfield>
          </datafield>
          <datafield tag="EB1" ind1=" " ind2="9">
            <subfield code="a">eb1</subfield>
            <subfield code="2">X5001</subfield>
          </datafield>
          <datafield tag="EB1" ind1=" " ind2="9">
            <subfield code="a">eb1</subfield>
            <subfield code="2">K5001</subfield>
          </datafield>
          <datafield tag="EB1" ind1=" " ind2="9">
            <subfield code="a">eb1</subfield>
            <subfield code="2">A0001</subfield>
          </datafield>
          <datafield tag="EB1" ind1=" " ind2="9">
            <subfield code="a">eb1</subfield>
            <subfield code="2">A5001</subfield>
          </datafield>
          <datafield tag="EB1" ind1=" " ind2="9">
            <subfield code="a">eb1</subfield>
            <subfield code="2">C5001</subfield>
          </datafield>
          <datafield tag="EB1" ind1=" " ind2="9">
            <subfield code="a">eb1</subfield>
            <subfield code="2">B5001</subfield>
          </datafield>
          <datafield tag="EB1" ind1=" " ind2="9">
            <subfield code="a">eb1</subfield>
            <subfield code="2">U5001</subfield>
          </datafield>
        </record>
      </metadata>
    </record>
  </ListRecords>
</OAI-PMH>
